<record xmlns='http://www.loc.gov/MARC21/slim'><leader>03358cam a22004095a 4500</leader><controlfield tag='001'>9946093213506421</controlfield><controlfield tag='005'>20200922113720.0</controlfield><controlfield tag='008'>051027s1456    gw            000 0 lat d</controlfield><datafield ind1=' ' ind2=' ' tag='035'><subfield code='a'>4609321</subfield></datafield><datafield ind1=' ' ind2=' ' tag='035'><subfield code='a'>(NjP)4609321-princetondb</subfield></datafield><datafield ind1=' ' ind2=' ' tag='040'><subfield code='a'>NjP</subfield><subfield code='c'>NjP</subfield></datafield><datafield ind1='1' ind2=' ' tag='041'><subfield code='a'>lat</subfield><subfield code='h'>hebgrc</subfield></datafield><datafield ind1='0' ind2=' ' tag='130'><subfield code='a'>Bible.</subfield><subfield code='l'>Latin.</subfield><subfield code='s'>Vulgate.</subfield><subfield code='f'>1456.</subfield></datafield><datafield ind1='1' ind2='0' tag='245'><subfield code='a'>Bible, Latin.</subfield></datafield><datafield ind1='1' ind2='3' tag='246'><subfield code='a'>Gutenberg Bible</subfield></datafield><datafield ind1='1' ind2='3' tag='246'><subfield code='a'>Mazarin Bible</subfield></datafield><datafield ind1='1' ind2='3' tag='246'><subfield code='a'>Mazarine Bible</subfield></datafield><datafield ind1=' ' ind2=' ' tag='260'><subfield code='a'>[Mainz :</subfield><subfield code='b'>Johann Gutenberg and Johann Fust,</subfield><subfield code='c'>before August 1456].</subfield></datafield><datafield ind1=' ' ind2=' ' tag='300'><subfield code='a'>2 v. (324; 319 leaves) ;</subfield><subfield code='c'>40.5 x 28.8 cm. (fol.)</subfield></datafield><datafield ind1=' ' ind2=' ' tag='500'><subfield code='a'>Commonly known in English as the Gutenberg Bible, also known as the Mazarine Bible.</subfield></datafield><datafield ind1='4' ind2=' ' tag='510'><subfield code='a'>GW</subfield><subfield code='c'>4201.</subfield></datafield><datafield ind1='4' ind2=' ' tag='510'><subfield code='a'>Goff</subfield><subfield code='c'>B-526.</subfield></datafield><datafield ind1=' ' ind2=' ' tag='500'><subfield code='a'>WHS copy has 12 leaves supplied from other copies and 5 leaves supplied in facsimile; the 17 leaves are vol. I fo. 1 and vol. II fo. 1, 17, 25, 46, 70, 149, 155, 156, 191, 217, 235, 268, 270, 275, 279, and 305.</subfield><subfield code='5'>NjP</subfield></datafield><datafield ind1=' ' ind2=' ' tag='561'><subfield code='a'>WHS copy has provenance: Predigerkirche, Erfurt, Germany; George Brinley; Brayton Ives; Hamilton Cole; and James W. Ellsworth.</subfield><subfield code='5'>NjP</subfield></datafield><datafield ind1=' ' ind2=' ' tag='500'><subfield code='a'>Princeton copy 2: A single imperfect paper leaf from the Gutenberg Bible, the first printed Bible. The leaf is vol. II fo. 122 (the 2nd leaf of quire 13), with text of the last verses of Ezekiel 33, all of Ezekiel 34, and beginning verses of Ezekiel 35. The leaf comes from an otherwise lost copy of the Gutenberg Bible. It is one of nineteen such leaves, all belonging to quires 13 and 14 of volume II, that were cut down to a smaller size and pasted together to create pasteboard for some unidentified bookbinding, probably in the sixteenth century. About a dozen copies of the Gutenberg Bible, most of which were printed on vellum, are known only from fragmentary preservation as bookbinding materials. These cut-down paper leaves came to light when the Vienna bookdealers Gilhofer &amp; Ranschburg offered them leaf by leaf in an auction of 3 April 1911. Two other leaves from this group are at the Library of Congress, a third is at Dartmouth College Library, and a fourth is at the State Library of New South Wales in Sydney. The rubrication of the copy is simple, using only red ink.</subfield><subfield code='x'>NjP</subfield></datafield><datafield ind1=' ' ind2=' ' tag='530'><subfield code='a'>Also available in an electronic version.</subfield></datafield><datafield ind1=' ' ind2=' ' tag='563'><subfield code='a'>WHS copy is one of three copies bound in the workshop of Johannes Fogel of Erfurt.</subfield><subfield code='5'>NjP</subfield></datafield><datafield ind1=' ' ind2=' ' tag='583'><subfield code='x'>mlc</subfield></datafield><datafield ind1='1' ind2=' ' tag='700'><subfield code='a'>Gutenberg, Johann,</subfield><subfield code='d'>1397?-1468,</subfield><subfield code='e'>printer.</subfield><subfield code='0'>http://id.loc.gov/authorities/names/n50034916</subfield></datafield><datafield ind1='1' ind2=' ' tag='700'><subfield code='a'>Fogel, Johannes,</subfield><subfield code='d'>active 1455-1462,</subfield><subfield code='e'>binder.</subfield><subfield code='5'>NjP.</subfield><subfield code='0'>http://id.loc.gov/authorities/names/nr00005378</subfield></datafield><datafield ind1='1' ind2=' ' tag='700'><subfield code='a'>Brinley, George,</subfield><subfield code='d'>1817-1875,</subfield><subfield code='e'>former owner.</subfield><subfield code='5'>NjP</subfield><subfield code='0'>http://id.loc.gov/authorities/names/nr97037719</subfield></datafield><datafield ind1='1' ind2=' ' tag='700'><subfield code='a'>Ives, Brayton,</subfield><subfield code='d'>1840-1914,</subfield><subfield code='e'>former owner.</subfield><subfield code='5'>NjP</subfield><subfield code='0'>http://id.loc.gov/authorities/names/n84001824</subfield></datafield><datafield ind1='1' ind2=' ' tag='700'><subfield code='a'>Cole, Hamilton,</subfield><subfield code='e'>former owner.</subfield><subfield code='5'>NjP</subfield><subfield code='0'>http://id.loc.gov/authorities/names/no2009062270</subfield></datafield><datafield ind1='1' ind2=' ' tag='700'><subfield code='a'>Ellsworth, James W.</subfield><subfield code='q'>(James William),</subfield><subfield code='d'>1849-1925,</subfield><subfield code='e'>former owner.</subfield><subfield code='5'>NjP</subfield><subfield code='0'>http://id.loc.gov/authorities/names/nr92019668</subfield></datafield><datafield ind1='2' ind2=' ' tag='710'><subfield code='a'>Predigerkirche (Erfurt, Germany),</subfield><subfield code='e'>former owner.</subfield><subfield code='5'>NjP</subfield><subfield code='0'>http://id.loc.gov/authorities/names/nr2004020898</subfield></datafield><datafield ind1='4' ind2='1' tag='856'><subfield code='u'>http://arks.princeton.edu/ark:/88435/7d278t10z</subfield></datafield><datafield ind1='4' ind2='1' tag='856'><subfield code='z'>Curatorial documentation</subfield><subfield code='u'>https://drive.google.com/open?id=0B3HwfRG3YqiNVVR4bXNvRzNwaGs</subfield></datafield><datafield ind1=' ' ind2=' ' tag='902'><subfield code='a'>mrf</subfield><subfield code='b'>o</subfield><subfield code='6'>a</subfield><subfield code='7'>m</subfield><subfield code='d'>v</subfield><subfield code='f'>1</subfield><subfield code='e'>20051027</subfield></datafield><datafield ind1=' ' ind2=' ' tag='AVA'><subfield code='0'>9946093213506421</subfield><subfield code='8'>22607612970006421</subfield><subfield code='a'>01PRI_INST</subfield><subfield code='b'>rare</subfield><subfield code='c'>William H. Scheide Library</subfield><subfield code='d'>48.1</subfield><subfield code='e'>available</subfield><subfield code='f'>2</subfield><subfield code='g'>0</subfield><subfield code='j'>whs</subfield><subfield code='k'>8</subfield><subfield code='p'>1</subfield><subfield code='q'>Special Collections</subfield><subfield code='t'>vol.1-2</subfield></datafield><datafield ind1=' ' ind2=' ' tag='AVA'><subfield code='0'>9946093213506421</subfield><subfield code='8'>22607612920006421</subfield><subfield code='a'>01PRI_INST</subfield><subfield code='b'>rare</subfield><subfield code='c'>William H. Scheide Library</subfield><subfield code='d'>113.2</subfield><subfield code='e'>available</subfield><subfield code='f'>1</subfield><subfield code='g'>0</subfield><subfield code='j'>whs</subfield><subfield code='k'>8</subfield><subfield code='p'>2</subfield><subfield code='q'>Special Collections</subfield><subfield code='t'>fragment (one leaf from Ezekiel 34)</subfield><subfield code='t'></subfield></datafield><datafield ind1=' ' ind2=' ' tag='AVE'><subfield code='8'>53834227420006421</subfield><subfield code='e'>Available</subfield><subfield code='l'>online</subfield><subfield code='n'>Curatorial documentation</subfield><subfield code='a'>01PRI_INST</subfield><subfield code='0'>9946093213506421</subfield></datafield><datafield ind1=' ' ind2=' ' tag='AVE'><subfield code='8'>53834227440006421</subfield><subfield code='e'>Available</subfield><subfield code='l'>online</subfield><subfield code='a'>01PRI_INST</subfield><subfield code='0'>9946093213506421</subfield></datafield></record>
